@ARTICLE{Lund2002,
  author  = {Lund, U. J.},
  title   = {Tree-based Regression for a Circular Response},
  journal = {Communications in Statistics - Theory and Methods},
  volume  = {31},
  number  = {9},
  year    = {2002},
  pages   = {1549-1560}
}

@ARTICLE{Fisher1992,
  author  = {Fisher, N. I. and Lee, A.J.},
  title   = {Regression Models for an Angular Response},
  journal = {Biometrics},
  volume = {48},
  year    = {1992},
  pages   = {665-677}
}

@ARTICLE{Abdulsalametal2007,
  author  = {Abdulsalam, H. and Skillicorn, D. B. and Martin P.},
  title   = {Streaming random forests},
  journal = {Proc. 11th Int'l Database Eng. and Applications Symp. (IDEAS)},
  volume  = {48},
  year    = {2007},
  pages   = {225-232}
}

@ARTICLE{Buja2001,
  author  = {Buja, A. and Lee, Y. S.},
  title   = {Data mining criteria for tree-based regression and classification},
  journal = {Proceedings of KDD},
  year    = {2001},
  pages   = {27-36}
}

@ARTICLE{Larraondoetal2014,
  author  = {Rozas Larraondo, P. and Inza, I. and Lozano, J.A.},
  title   = {A Method for Wind Speed Forecasting in Airports Based on Nonparametric Regression.},
  journal = {Weather and Forecasting},
  volume  = {29},
  number  = {6},
  year    = {2014},
  pages   = {1332-1342}
}

@ARTICLE{Salamehetal2009,
  author  = {Salameh, T. and Drobinski, P. and Vrac, M. and Naveau, P.},
  title   = {Statistical downscaling of near-surface wind over complex terrain in southern France},
  journal = {Meteorology and Atmospheric Physics},
  volume  = {103},
  year    = {2009},
  pages   = {253-265}
}

@ARTICLE{Demsar2006,
  author  = {Demsar, J.},
  title   = {Statistical comparisons of classifiers over multiple data sets},
  journal = {Journal of Machine Learning Research},
  volume  = {7},
  year    = {2006},
  pages   = {1-30}
}

@ARTICLE{Calvo2015,
  author  = {Calvo, B. and Santafe, G.},
  title   = {scmamp: Statistical Comparison of Multiple Algorithms in Multiple Problems},
  journal = {The R Journal},
  year    = {2016},
}

@ARTICLE{Galil1991,
  author  = {Galil, Z. and Italiano, G.F.},
  title   = {Data structures and algorithms for disjoint set union problems},
  journal = {ACM Computing Survey},
  volume  = {23 (3)},
  year    = {1991},
  pages   = {319-344}
}

@ARTICLE{Rokach2016,
  author  = {Rokach L.},
  title   = {Decision forest: twenty years of research},
  journal = {Elsevier Information Fusion},
  volume  = {27},
  year    = {2016},
  pages   = {111–125}
}

@ARTICLE{Shareretal1996,
  author  = {Sharer, J. C. and Agrawal, R. and Mehta, M.},
  title   = {SPRINT: A scalable parallel classifier for data mining},
  journal = {Proceedings of the Twenty-Second International Conference on Very Large Databases (Morgan Kaufmann)},
  year    = {1996},
  pages   = {544-555}
}

@ARTICLE{Mehtaetal1996,
  author  = {Mehta, M. and Agrawal, R. and Rissanen, J.},
  title   = {SLIQ: A fast scalable classifier for data mining},
  journal = {In Proc. of the Fifth Int'l Conference on Extending Database Technology (EDBT)},
  year    = {1996},
  pages   = {18-32}
}

@ARTICLE{Heetal2007,
  author  = {He, P. and Chen, L. and Xu, X. H.},
  title   = {Fast C4.5},
  journal = {Proc. ICMLC},
  year    = {2007},
  pages   = {2841–2846}
}

@INCOLLECTION{CampanaCaplan2005,
  author  = {Campana, K. and Caplan, P.},
  title   = {Technical Procedure Bulletin for T382 Global Forecast System},
  year    = {2005},
}

@BOOK{WMO1995,
  author  = {WMO},
  title   = {Manual on Codes International Codes VOLUME I.1},
  address = {Geneva},
  year    = {1995},
}

@BOOK{Quinlan1993,
  author  = {Quinlan, J. Ross},
  title   = {C4.5: Programs for Machine Learning},
  publisher = {Morgan Kaufman},
  year    = {1993}
}

@BOOK{Buhlmann2012,
  author  = {B{\"u}hlmann, P.},
  title   = {Handbook of Computational Statistics},
  publisher = {Springer Berlin Heidelberg},
  year    = {2012}
  pages   = {985-1022}
}



@ARTICLE{Johnson1978,
  author  = {Johnson, R.A. and Wehrly, T.E.},
  title   = {Some Angular-linear Distributions and Related Regression Models},
  journal = {Journal of the American Statistical Association},
  volume  = {73},
  year    = {1978},
  pages   = {602-606}
}


@ARTICLE{Sailor2000,
  author  = {Sailor, D.J. and Hu, T. and Li, X. and Rosen, J.N.},
  title   = {A Neural Network Approach to Local Downscaling of GCM Wind Statistics for Assessment of Wind Power Implications of Climate Variability and Climatic Change},
  journal = {Renewable Energy},
  volume  = {19},
  year    = {2000},
  pages   = {359-378}
}

@ARTICLE{Sloughter2008,
  author  = {Sloughter, J.M. and Gneiting, T. and Raftery, A.E.},
  title   = {Technical Report no. 544},
  journal = {Department of Statistics, University of Washington},
  year    = {2008}
}

@BOOK{Jammalamadaka2001,
  author  = {Jammalamadaka, S.R. and SenGupta, A.},
  title   = {Topics in Circular Statistics},
  publisher = {World Scientific Publishing Co. Pte. Ltd.: Singapore},
  year    = {2001}
}


@BOOK{Breimanetal1984,
  author  = {Breiman, L. and Friedman, J. and Olshen, R. and Stone, C.},
  title   = {Classification and regression trees},
  publisher = {Wadsworth Books},
  year    = {1984}
}

@BOOK{Quinlan1993,
  author  = {Quinlan, J. R.},
  title   = {C4.5: Programs for Machine Learning},
  publisher = {Morgan Kaufmann Publishers, Inc.},
  year    = {1993}
}

@BOOK{Fisher1993,
  author  = {Fisher, N. I.},
  title   = {Statistical analysis of circular data},
  publisher = {Cambridge Univ. Press},
  year    = {1993}
}

@ARTICLE{Kohavi1997,
  author  = {Kohavi, R. and Kunz, C.},
  title   = {Option decision trees with majority votes.},
  journal = {Proceedings of the Fourteenth International Conference on Machine Learning, San Francisco, CA: Morgan Kaufman},
  year    = {1953},
  pages   = {161-169}
}

@ARTICLE{Breiman1996b,
  author  = {Breiman, L.},
  title   = {Bias, variance, and arcing classfiers.},
  journal = {Technical Report 460, Department of Statistics, University of California, Berkeley, CA.},
  year    = {1996}
}

@ARTICLE{Maclin1997,
  author  = {Maclin, R. and Opitz, D.},
  title   = {An empirical evaluation of bagging and boosting.},
  journal = {In Proceedings of the Fourteenth National Conference on Artificial Intelligence, Cambridge, MA: AAAI Press/MIT Press.},
  year    = {1997},
  pages   = {546-551}
}

@ARTICLE{Breiman1996a,
  author  = {Breiman, L.},
  title   = {Bagging predictors.},
  journal = {Machine Learning},
  volume  = {24},
  number  = {2},
  year    = {1996},
  pages   = {123-140}
}

@ARTICLE{Freund1996,
  author  = {Freund, Y. and Schapire, R. E.},
  title   = {Experiments with a new boosting algorithm.},
  journal = {Proc. 13th International Conference on Machine Learning},
  year    = {1996},
  pages   = {148-156}
}

@ARTICLE{Holzmann2006,
  author  = {Holzmann, H. and Munk, A. and Suster, M. and Zucchini, W.},
  title   = {Hidden Markov models for circular and linear-circular time series.},
  journal = {Environmental and Ecological Statistics},
  volume  = {13},
  number  = {3},
  year    = {2006},
  pages   = {325-347}
}

@ARTICLE{Artes2009,
  author  = {Artes, R. and Toloi, C. M.},
  title   = {An autoregressive model for time series of circular data.},
  journal = {Communications in Statistics-Theory and Methods},
  volume  = {39},
  number  = {1},
  year    = {2009},
  pages   = {186-194}
}

